<record xmlns='http://www.loc.gov/MARC21/slim'><leader>01037cad a2200241Ia 4500</leader><controlfield tag='001'>9939073273506421</controlfield><controlfield tag='005'>20200827112250.0</controlfield><controlfield tag='008'>961021s1949    mau           000 0 eng d</controlfield><datafield ind1=' ' ind2=' ' tag='035'><subfield code='a'>3907327</subfield></datafield><datafield ind1=' ' ind2=' ' tag='035'><subfield code='a'>(OCoLC)ocm83557370</subfield><subfield code='z'>(OCoLC)ocm35765749</subfield></datafield><datafield ind1=' ' ind2=' ' tag='035'><subfield code='a'>(NjP)3907327-princetondb</subfield></datafield><datafield ind1=' ' ind2=' ' tag='035'><subfield code='z'>(OCoLC)35765749</subfield></datafield><datafield ind1=' ' ind2=' ' tag='040'><subfield code='a'>TOL</subfield><subfield code='c'>TOL</subfield><subfield code='d'>OCLCQ</subfield><subfield code='d'>NjP</subfield></datafield><datafield ind1=' ' ind2=' ' tag='090'><subfield code='a'>PS3545.E6</subfield><subfield code='b'>Z446x 1949</subfield></datafield><datafield ind1=' ' ind2=' ' tag='019'><subfield code='a'>35765749</subfield></datafield><datafield ind1='1' ind2=' ' tag='100'><subfield code='a'>Welty, Eudora,</subfield><subfield code='d'>1909-2001.</subfield><subfield code='0'>http://id.loc.gov/authorities/names/n79038434</subfield></datafield><datafield ind1='1' ind2='4' tag='245'><subfield code='a'>The reading and writing of short stories /</subfield><subfield code='c'>by Eudora Welty.</subfield></datafield><datafield ind1=' ' ind2=' ' tag='260'><subfield code='a'>[Boston, Mass. :</subfield><subfield code='b'>Atlantic,</subfield><subfield code='c'>1949]</subfield></datafield><datafield ind1=' ' ind2=' ' tag='300'><subfield code='a'>2 v. ;</subfield><subfield code='c'>28 cm.</subfield></datafield><datafield ind1=' ' ind2=' ' tag='500'><subfield code='a'>A two-part essay in Atlantic vol. 183, no. 2 (February 1949): pp. 54-58; and vol. 183, no. 3 (March 1949): pp. 46-49.</subfield></datafield><datafield ind1=' ' ind2=' ' tag='541'><subfield code='c'>Purchase:</subfield><subfield code='a'>Richard M. Ludwig Endowment donated by Michael Spence,</subfield><subfield code='d'>2003.</subfield><subfield code='5'>NjP</subfield></datafield><datafield ind1='0' ind2=' ' tag='730'><subfield code='a'>Atlantic (Boston, Mass. : 1932)</subfield></datafield><datafield ind1='0' ind2=' ' tag='773'><subfield code='7'>nnas</subfield><subfield code='t'>Atlantic.</subfield><subfield code='g'>Vol. 183, no. 2 (February 1949)</subfield><subfield code='w'>992953283506421</subfield><subfield code='x'>0160-6506.</subfield></datafield><datafield ind1='0' ind2=' ' tag='773'><subfield code='7'>nnas</subfield><subfield code='a'>Atlantic.</subfield><subfield code='g'>Vol. 183, no. 3 (March 1949)</subfield><subfield code='w'>992953283506421</subfield><subfield code='x'>0160-6506.</subfield></datafield><datafield ind1=' ' ind2=' ' tag='904'><subfield code='a'>hs</subfield><subfield code='b'>g</subfield><subfield code='h'>m</subfield><subfield code='c'>s</subfield><subfield code='e'>20030605</subfield></datafield><datafield ind1=' ' ind2=' ' tag='INT'><subfield code='a'>P</subfield></datafield><datafield ind1=' ' ind2=' ' tag='INST'><subfield code='a'>01PRI_INST</subfield></datafield><datafield ind1=' ' ind2=' ' tag='AVA'><subfield code='0'>992953283506421</subfield><subfield code='8'>22122123780006421</subfield><subfield code='a'>01PRI_INST</subfield><subfield code='b'>firestone</subfield><subfield code='c'>Stacks</subfield><subfield code='d'>AP2 .A853</subfield><subfield code='e'>available</subfield><subfield code='f'>78</subfield><subfield code='g'>0</subfield><subfield code='j'>stacks</subfield><subfield code='k'>0</subfield><subfield code='p'>1</subfield><subfield code='q'>Firestone Library</subfield><subfield code='t'>Vol. 150, no. 1 (July 1932)-v. 227, no. 6 (July 1971)</subfield><subfield code='t'></subfield></datafield><datafield ind1=' ' ind2=' ' tag='AVA'><subfield code='0'>992953283506421</subfield><subfield code='8'>22122122920006421</subfield><subfield code='a'>01PRI_INST</subfield><subfield code='b'>recap</subfield><subfield code='c'>Remote Storage: Use in Firestone Microforms only</subfield><subfield code='d'>MICROFILM</subfield><subfield code='e'>available</subfield><subfield code='f'>7</subfield><subfield code='g'>0</subfield><subfield code='j'>pf</subfield><subfield code='k'>8</subfield><subfield code='p'>2</subfield><subfield code='q'>ReCAP</subfield><subfield code='t'>Vol. 215, no. 1 (Jan. 1965)-v. 227, no. 6 (July 1971)</subfield><subfield code='t'></subfield></datafield><datafield ind1=' ' ind2=' ' tag='AVA'><subfield code='0'>9939073273506421</subfield><subfield code='8'>22194147770006421</subfield><subfield code='a'>01PRI_INST</subfield><subfield code='b'>rare</subfield><subfield code='c'>Rare Books</subfield><subfield code='d'>Oversize PS3545.E6 R423 1949</subfield><subfield code='e'>available</subfield><subfield code='f'>2</subfield><subfield code='g'>0</subfield><subfield code='j'>ex</subfield><subfield code='k'>0</subfield><subfield code='p'>3</subfield><subfield code='q'>Special Collections</subfield><subfield code='t'>2 v.</subfield></datafield></record>